<record><leader>00000cas a22000007a 4500</leader><controlfield tag="001">32260564</controlfield><controlfield tag="008">950405d19741975azuwr ne      0    0eng d</controlfield><datafield ind1=" " ind2=" " tag="010"><subfield code="a">sn 95060524 </subfield></datafield><datafield ind1=" " ind2=" " tag="040"><subfield code="a">ANN</subfield><subfield code="b">eng</subfield><subfield code="c">ANN</subfield><subfield code="d">OCLCQ</subfield><subfield code="d">OCLCF</subfield><subfield code="d">OCLCO</subfield></datafield><datafield ind1="1" ind2=" " tag="029"><subfield code="a">AU@</subfield><subfield code="b">000012909016</subfield></datafield><datafield ind1=" " ind2=" " tag="042"><subfield code="a">msc</subfield></datafield><datafield ind1=" " ind2=" " tag="043"><subfield code="a">n-us-az</subfield></datafield><datafield ind1="0" ind2=" " tag="130"><subfield code="a">Today (Phoenix, Ariz. : North Phoenix ed.)</subfield></datafield><datafield ind1="1" ind2="0" tag="245"><subfield code="a">Today.</subfield></datafield><datafield ind1=" " ind2=" " tag="250"><subfield code="a">North Phoenix ed.</subfield></datafield><datafield ind1=" " ind2=" " tag="260"><subfield code="a">Phoenix, Ariz. :</subfield><subfield code="b">Phoenix Community Pub. Co.,</subfield><subfield code="c">1974-</subfield></datafield><datafield ind1=" " ind2=" " tag="300"><subfield code="a">v. :</subfield><subfield code="b">ill.</subfield></datafield><datafield ind1=" " ind2=" " tag="310"><subfield code="a">Weekly</subfield></datafield><datafield ind1="0" ind2=" " tag="362"><subfield code="a">Vol. 1, no. 1 (Apr. 3, 1974)-</subfield></datafield><datafield ind1=" " ind2=" " tag="580"><subfield code="a">Eight eds. published: Central Phoenix, East Phoenix, North Phoenix, North Valley, Northeast Phoenix, Phoenix, Scottsdale, Tempe.</subfield></datafield><datafield ind1=" " ind2=" " tag="580"><subfield code="a">Merged with: Central Phoenix ed., East Phoenix ed., North Valley ed., Northeast Phoenix ed., Phoenix ed., Scottsdale ed., Tempe ed., to form: Phoenix today.</subfield></datafield><datafield ind1=" " ind2="0" tag="651"><subfield code="a">Phoenix (Ariz.)</subfield><subfield code="v">Newspapers.</subfield></datafield><datafield ind1=" " ind2="7" tag="655"><subfield code="a">Newspapers.</subfield><subfield code="2">fast</subfield><subfield code="0">(OCoLC)fst01423814</subfield></datafield><datafield ind1=" " ind2="7" tag="651"><subfield code="a">Arizona</subfield><subfield code="z">Phoenix.</subfield><subfield code="2">fast</subfield><subfield code="0">(OCoLC)fst01213753</subfield></datafield><datafield ind1=" " ind2=" " tag="752"><subfield code="a">United States</subfield><subfield code="b">Arizona</subfield><subfield code="c">Maricopa</subfield><subfield code="d">Phoenix.</subfield></datafield><datafield ind1="1" ind2=" " tag="775"><subfield code="t">Today (Phoenix, Ariz. : Central Phoenix ed.)</subfield><subfield code="w">(DLC)sn 96060665</subfield></datafield><datafield ind1="1" ind2=" " tag="775"><subfield code="t">Today (Phoenix, Ariz. : East Phoenix ed.)</subfield><subfield code="w">(DLC)sn 96060666</subfield></datafield><datafield ind1="1" ind2=" " tag="775"><subfield code="t">Today (Phoenix, Ariz. : North Valley ed.)</subfield><subfield code="w">(DLC)sn 96060668</subfield></datafield><datafield ind1="1" ind2=" " tag="775"><subfield code="t">Today (Phoenix, Ariz. : Northeast Phoenix ed.)</subfield><subfield code="w">(DLC)sn 96060669</subfield></datafield><datafield ind1="1" ind2=" " tag="775"><subfield code="t">Today (Phoenix, Ariz. : Phoenix ed.)</subfield><subfield code="w">(DLC)sn 96060667</subfield></datafield><datafield ind1="1" ind2=" " tag="775"><subfield code="t">Today (Phoenix, Ariz. : Scottsdale ed.)</subfield><subfield code="w">(DLC)sn 96060670</subfield></datafield><datafield ind1="1" ind2=" " tag="775"><subfield code="t">Today (Phoenix, Ariz. : Tempe ed.)</subfield><subfield code="w">(DLC)sn 96060671</subfield></datafield><datafield ind1="1" ind2="7" tag="785"><subfield code="t">Today (Phoenix, Ariz. : Central Phoenix ed.)</subfield><subfield code="w">(DLC)sn 96060665</subfield></datafield><datafield ind1="1" ind2="7" tag="785"><subfield code="t">Today (Phoenix, Ariz. : East Phoenix ed.)</subfield><subfield code="w">(DLC)sn 96060666</subfield></datafield><datafield ind1="1" ind2="7" tag="785"><subfield code="t">Today (Phoenix, Ariz. : North Valley ed.)</subfield><subfield code="w">(DLC)sn 96060668</subfield></datafield><datafield ind1="1" ind2="7" tag="785"><subfield code="t">Today (Phoenix, Ariz. : Northeast Phoenix ed.)</subfield><subfield code="w">(DLC)sn 96060669</subfield></datafield><datafield ind1="1" ind2="7" tag="785"><subfield code="t">Today (Phoenix, Ariz. : Phoenix ed.)</subfield><subfield code="w">(DLC)sn 96060667</subfield></datafield><datafield ind1="1" ind2="7" tag="785"><subfield code="t">Today (Phoenix, Ariz. : Scottsdale ed.)</subfield><subfield code="w">(DLC)sn 96060670</subfield></datafield><datafield ind1="1" ind2="7" tag="785"><subfield code="t">Today (Phoenix, Ariz. : Tempe ed.)</subfield><subfield code="w">(DLC)sn 96060671</subfield></datafield><datafield ind1="1" ind2="7" tag="785"><subfield code="t">Phoenix today</subfield><subfield code="w">(DLC)sn 95060525</subfield></datafield></record>